@book{Gibson79,
	Author = {Gibson, J.J.},
	Publisher = {Boston: Houghton Mifflin},
	Title = {The ecological approach to visual perception},
	Year = {1979}}
	
@inproceedings{BBeep,
 author={Kayukawa, Seita and Higuchi, Keita and Guerreiro, Jo{\~a}o and Morishima, Shigeo and Sato, Yoichi and Kitani, Kris and Asakawa, Chieko},
 title = {BBeep: A Sonic Collision Avoidance System for Blind Travellers and Nearby Pedestrians},
 booktitle = {Proc. ACM CHI Conference on Human Factors in Computing Systems (CHI'19)},
 series = {CHI '19},
 year = {2019},
 month = {May},
 location = {Glasgow, Scotland Uk},
 numpages = {12},
 publisher = {ACM},
 address = {New York, NY, USA},
}

@conference{anirudh,
author = {Anirudh Vemula and Katharina Muelling and Jean Oh},
title = {Social Attention: Modeling Attention in Human Crowds},
booktitle = {Proceedings of the International Conference on Robotics and Automation (ICRA) 2018},
year = {2018},
month = {May},
}

@inproceedings{fasterRCNN,
 author = {Ren, Shaoqing and He, Kaiming and Girshick, Ross and Sun, Jian},
 title = {Faster R-CNN: Towards Real-time Object Detection with Region Proposal Networks},
 booktitle = {Proceedings of the 28th International Conference on Neural Information Processing Systems - Volume 1},
 series = {NIPS'15},
 year = {2015},
 location = {Montreal, Canada},
 pages = {91--99},
 numpages = {9},
 acmid = {2969250},
 publisher = {MIT Press},
 address = {Cambridge, MA, USA},
} 


@ARTICLE{Andreas, 
author={A. Ess and B. Leibe and K. Schindler and L. van Gool}, 
journal={IEEE Transactions on Pattern Analysis and Machine Intelligence}, 
title={Robust Multiperson Tracking from a Mobile Platform}, 
year={2009}, 
volume={31}, 
number={10}, 
pages={1831-1846}, 
month={Oct},}

@article{i3d,
  author    = {Joao Carreira and
               Andrew Zisserman},
  title     = {Quo Vadis, Action Recognition? {A} New Model and the Kinetics Dataset},
  journal   = {CoRR},
  volume    = {abs/1705.07750},
  year      = {2017},
}


@inproceedings{wearable,
author = {Li, Bing and Pablo MuÃ±oz, J and Rong, Xuejian and Xiao, Jizhong and Tian, Yingli and Arditi, Aries},
year = {2016},
month = {10},
pages = {},
title = {ISANA: Wearable Context-Aware Indoor Assistive Navigation with Obstacle Avoidance for the Blind},
volume = {9914},
}

@conference{calibration,
author = {Lipu Zhou and Zimo Li and Michael Kaess},
title = {Automatic Extrinsic Calibration of a Camera and a 3D LiDAR using Line and Plane Correspondences},
booktitle = {IEEE/RSJ Intl. Conf. on Intelligent Robots and Systems, IROS},
year = {2018},
month = {October},
}


@article{2009YoullNW,
  title={You'll never walk alone: Modeling social behavior for multi-target tracking},
  author={Stefano Pellegrini and Andreas Ess and Konrad Schindler and Luc Van Gool},
  journal={2009 IEEE 12th International Conference on Computer Vision},
  year={2009},
  pages={261-268}
}

@inproceedings{kitani2011fast,
  title={Fast unsupervised ego-action learning for first-person sports videos},
  author={Kitani, Kris M and Okabe, Takahiro and Sato, Yoichi and Sugimoto, Akihiro},
  booktitle={Computer Vision and Pattern Recognition (CVPR), 2011 IEEE Conference on},
  pages={3241--3248},
  year={2011},
  organization={IEEE}
}

@inproceedings{socialLSTM,
  title={Social lstm: Human trajectory prediction in crowded spaces},
  author={Alahi, Alexandre and Goel, Kratarth and Ramanathan, Vignesh and Robicquet, Alexandre and Fei-Fei, Li and Savarese, Silvio},
  booktitle={Proceedings of the IEEE Conference on Computer Vision and Pattern Recognition},
  pages={961--971},
  year={2016}
}

@inproceedings{ziebart2009planning,
  title={Planning-based prediction for pedestrians},
  author={Ziebart, Brian D and Ratliff, Nathan and Gallagher, Garratt and Mertz, Christoph and Peterson, Kevin and Bagnell, J Andrew and Hebert, Martial and Dey, Anind K and Srinivasa, Siddhartha},
  booktitle={Intelligent Robots and Systems, 2009. IROS 2009. IEEE/RSJ International Conference on},
  pages={3931--3936},
  year={2009},
  organization={IEEE}
}


@inproceedings{ma2017forecasting,
  title={Forecasting interactive dynamics of pedestrians with fictitious play},
  author={Ma, Wei-Chiu and Huang, De-An and Lee, Namhoon and Kitani, Kris M},
  booktitle={Proceedings of the IEEE Conference on Computer Vision and Pattern Recognition},
  pages={774--782},
  year={2017}
}

@article{GuideCane,
 author = {Ulrich, I. and Borenstein, J.},
 title = {The GuideCane-applying Mobile Robot Technologies to Assist the Visually Impaired},
 journal = {Trans. Sys. Man Cyber. Part A},
 issue_date = {March 2001},
 volume = {31},
 number = {2},
 month = mar,
 year = {2001},
 pages = {131--136},
 numpages = {6},
 publisher = {IEEE Press},
 address = {Piscataway, NJ, USA},
} 

@inproceedings{navcog,
  title={NavCog: a navigational cognitive assistant for the blind.},
  author={Ahmetovic, Dragan and Gleason, Cole and Ruan, Chengxiong and Kitani, Kris M and Takagi, Hironobu and Asakawa, Chieko},
  booktitle={MobileHCI},
  pages={90--99},
  year={2016}
}

@article{gandhi,
  author    = {Dhiraj Gandhi and
               Lerrel Pinto and
               Abhinav Gupta},
  title     = {Learning to Fly by Crashing},
  journal   = {CoRR},
  volume    = {abs/1704.05588},
  year      = {2017},
}

@ARTICLE{DroNet, 
author={A. {Loquercio} and A. I. {Maqueda} and C. R. {del-Blanco} and D. {Scaramuzza}}, 
journal={IEEE Robotics and Automation Letters}, 
title={DroNet: Learning to Fly by Driving}, 
year={2018}, 
volume={3}, 
number={2}, 
pages={1088-1095}, 
doi={10.1109/LRA.2018.2795643}, 
ISSN={2377-3766}, 
month={April},}

@article{vgg,
  author    = {Karen Simonyan and
               Andrew Zisserman},
  title     = {Very Deep Convolutional Networks for Large-Scale Image Recognition},
  journal   = {CoRR},
  volume    = {abs/1409.1556},
  year      = {2014},
  archivePrefix = {arXiv},
  eprint    = {1409.1556},
  timestamp = {Mon, 13 Aug 2018 16:46:51 +0200},
}

@INPROCEEDINGS{SIPP, 
author={M. {Phillips} and M. {Likhachev}}, 
booktitle={2011 IEEE International Conference on Robotics and Automation}, 
title={SIPP: Safe interval path planning for dynamic environments}, 
year={2011}, 
volume={}, 
number={}, 
pages={5628-5635}, 
keywords={collision avoidance;mobile robots;safe interval path planning;dynamic environments;robotic path planning;static environments;dynamic obstacles;search space;PR2;mobile manipulation platform;Robots;Trajectory;Collision avoidance;Heuristic algorithms;Planning;Vehicle dynamics;Real time systems}, 
ISSN={1050-4729}, 
month={May},}

@inproceedings{pytorch,
  title={Automatic differentiation in PyTorch},
  author={Paszke, Adam and Gross, Sam and Chintala, Soumith and Chanan, Gregory and Yang, Edward and DeVito, Zachary and Lin, Zeming and Desmaison, Alban and Antiga, Luca and Lerer, Adam},
  booktitle={NIPS-W},
  year={2017}
}

@article{inceptionv1,
  author    = {Christian Szegedy and
               Wei Liu and
               Yangqing Jia and
               Pierre Sermanet and
               Scott E. Reed and
               Dragomir Anguelov and
               Dumitru Erhan and
               Vincent Vanhoucke and
               Andrew Rabinovich},
  title     = {Going Deeper with Convolutions},
  journal   = {CoRR},
  volume    = {abs/1409.4842},
  year      = {2014},
}

@inproceedings{alexnet,
  title={Imagenet classification with deep convolutional neural networks},
  author={Krizhevsky, Alex and Sutskever, Ilya and Hinton, Geoffrey E},
  booktitle={Advances in neural information processing systems},
  pages={1097--1105},
  year={2012}
}

@article{resnet,
  author    = {Kaiming He and
               Xiangyu Zhang and
               Shaoqing Ren and
               Jian Sun},
  title     = {Deep Residual Learning for Image Recognition},
  journal   = {CoRR},
  volume    = {abs/1512.03385},
  year      = {2015},
  archivePrefix = {arXiv},
  eprint    = {1512.03385},
  timestamp = {Mon, 13 Aug 2018 16:46:56 +0200},
}

@inproceedings{Autoware,
 author = {Kato, Shinpei and Tokunaga, Shota and Maruyama, Yuya and Maeda, Seiya and Hirabayashi, Manato and Kitsukawa, Yuki and Monrroy, Abraham and Ando, Tomohito and Fujii, Yusuke and Azumi, Takuya},
 title = {Autoware on Board: Enabling Autonomous Vehicles with Embedded Systems},
 booktitle = {Proceedings of the 9th ACM/IEEE International Conference on Cyber-Physical Systems},
 series = {ICCPS '18},
 year = {2018},
} 

@article{pascalVOC,
  title={The pascal visual object classes (voc) challenge},
  author={Everingham, Mark and Van Gool, Luc and Williams, Christopher KI and Winn, John and Zisserman, Andrew},
  journal={International journal of computer vision},
  volume={88},
  number={2},
  pages={303--338},
  year={2010},
  publisher={Springer}
}

@inproceedings{C3D,
 author = {Tran, Du and Bourdev, Lubomir and Fergus, Rob and Torresani, Lorenzo and Paluri, Manohar},
 title = {Learning Spatiotemporal Features with 3D Convolutional Networks},
 booktitle = {Proceedings of the 2015 IEEE International Conference on Computer Vision (ICCV)},
 series = {ICCV '15},
 year = {2015},
}

@article{socialGAN,
  title={Social GAN: Socially Acceptable Trajectories with Generative Adversarial Networks},
  author={Agrim Gupta and Justin Johnson and Li Fei-Fei and Silvio Savarese and Alexandre Alahi},
  journal={2018 IEEE/CVF Conference on Computer Vision and Pattern Recognition},
  year={2018},
  pages={2255-2264}
}

@article{BeyondSS,
  title={Beyond short snippets: Deep networks for video classification},
  author={Joe Yue-Hei Ng and Matthew J. Hausknecht and Sudheendra Vijayanarasimhan and Oriol Vinyals and Rajat Monga and George Toderici},
  journal={2015 IEEE Conference on Computer Vision and Pattern Recognition (CVPR)},
  year={2015},
  pages={4694-4702}
}

@inproceedings{videoResNet,
  title={Spatiotemporal Residual Networks for Video Action Recognition},
  author={Christoph Feichtenhofer and Axel Pinz and Richard P. Wildes},
  booktitle={NIPS},
  year={2016}
}

@article{p3d,
  title={Learning Spatio-Temporal Representation with Pseudo-3D Residual Networks},
  author={Zhaofan Qiu and Ting Yao and Tao Mei},
  journal={2017 IEEE International Conference on Computer Vision (ICCV)},
  year={2017},
  pages={5534-5542}
}

@inproceedings{two-stream,
 author = {Simonyan, Karen and Zisserman, Andrew},
 title = {Two-stream Convolutional Networks for Action Recognition in Videos},
 booktitle = {Proceedings of the 27th International Conference on Neural Information Processing Systems - Volume 1},
 series = {NIPS'14},
 year = {2014},
 pages = {568--576},
 numpages = {9},
 acmid = {2968890},
 publisher = {MIT Press},
 address = {Cambridge, MA, USA},
} 

@INPROCEEDINGS{time-bounded, 
author={A. {Kushleyev} and M. {Likhachev}}, 
booktitle={2009 IEEE International Conference on Robotics and Automation}, 
title={Time-bounded lattice for efficient planning in dynamic environments}, 
year={2009}, 
volume={}, 
number={}, 
pages={1662-1668}, 
}

@inproceedings{ziebart, 
title={Planning-based prediction for pedestrians}, 
author={Ziebart, Brian D and Ratliff, Nathan and Gallagher, Garratt and Mertz, Christoph and Peterson, Kevin and Bagnell, J Andrew and Hebert, Martial and Dey, Anind K and Srinivasa, Siddhartha}, 
booktitle={IROS}, 
year={2009}, }

@article{UCY,
  title={TrajNet: Towards a Benchmark for Human Trajectory Prediction},
  author={Sadeghian, Amir and Kosaraju, Vineet and Gupta, Agrim and Savarese, Silvio and Alahi, Alexandre},
  journal={arXiv preprint},
  volume={},
  number={},
  pages={},
  year={2018}
}

@article{lstm,
 author = {Hochreiter, Sepp and Schmidhuber, J\"{u}rgen},
 title = {Long Short-Term Memory},
 journal = {Neural Comput.},
 issue_date = {November 15, 1997},
 volume = {9},
 number = {8},
 month = nov,
 year = {1997},
 issn = {0899-7667},
 pages = {1735--1780},
 numpages = {46},
} 

@inproceedings{imagenet,
        AUTHOR = {Deng, J. and Dong, W. and Socher, R. and Li, L.-J. and Li, K. and Fei-Fei, L.},
        TITLE = {{ImageNet: A Large-Scale Hierarchical Image Database}},
        BOOKTITLE = {CVPR09},
        YEAR = {2009},
        }
        
@inproceedings{vemula2016path, title={Path Planning in Dynamic Environments with Adaptive Dimensionality}, author={Vemula, Anirudh and Muelling, Katharina and Oh, Jean}, booktitle={Ninth Annual Symposium on Combinatorial Search}, year={2016} }

@inproceedings{gradCAM,
  title={Grad-cam: Visual explanations from deep networks via gradient-based localization},
  author={Selvaraju, Ramprasaath R and Cogswell, Michael and Das, Abhishek and Vedantam, Ramakrishna and Parikh, Devi and Batra, Dhruv},
  booktitle={Proceedings of the IEEE International Conference on Computer Vision},
  pages={618--626},
  year={2017}
}

@article{roc,
  title={The use of the area under the ROC curve in the evaluation of machine learning algorithms},
  author={
  Bradley, Andrew P},
  journal={Pattern recognition},
  volume={30},
  number={7},
  pages={1145--1159},
  year={1997},
  publisher={Elsevier}
}

@article{OpenPose,
  author    = {Zhe Cao and
               Gines Hidalgo and
               Tomas Simon and
               Shih{-}En Wei and
               Yaser Sheikh},
  title     = {OpenPose: Realtime Multi-Person 2D Pose Estimation using Part Affinity
               Fields},
  journal   = {CoRR},
  volume    = {abs/1812.08008},
  year      = {2018},
  url       = {http://arxiv.org/abs/1812.08008},
  archivePrefix = {arXiv},
  eprint    = {1812.08008},
  timestamp = {Wed, 02 Jan 2019 14:40:18 +0100},
  biburl    = {https://dblp.org/rec/bib/journals/corr/abs-1812-08008},
  bibsource = {dblp computer science bibliography, https://dblp.org}
}